=LDR  01993 am a22005055a 4500
=001  016231273
=003  Uk
=005  20150202124153.0
=008  110704s2011\\\\ja\\\\\\\\\\\\000\0\jpn\d
=FMT  \\$a  BK
=020  \\$a9784877335915
=020  \\$a4877335919
=035  \\$a(OCoLC)738368373
=040  \\$aTRCLS$cTRCLS$dOCLCQ
=042  \\$aukblderived
=084  \\$a221.06$2njb/9
=245  00$6880-01$aKindai chōsenshi :$b2 /$cHirose Yoshihiro;Kikuchi Kenjō.
=260  \\$6880-02$aTōkyō :$bKuresu Shuppan,$c2011.
=300  \\$a584 p. ;$c22 cm.
=336  \\$atext$2rdacontent
=337  \\$aunmediated$2rdamedia
=338  \\$avolume$2rdacarrier
=490  1\$6880-03$aNihon shokuminchika no chōsen kenkyū ;$v6
=650  07$6880-04$aChōsen-Rekishi-Nikkan heigō jidai.$2jlabsh/4
=650  07$6880-05$aChōsen-Rekishi-Richō jidai.$2jlabsh/4
=700  1\$6880-06$aHirose, Yoshihiro.
=700  1\$6880-07$aKikuchi, Kenjō.
=830  \0$6880-08$aNihon shokuminchika no chōsen kenkyū ;$v6.
=856  4\$uhttp://www.bk1.jp/trcno/11032918/?partnerid=oclc&siteid=oclc$zJapanese record available for display
=880  00$6245-01$a近代朝鮮史 :$b下卷 /$c広瀬順晧編・解說;菊池謙譲著.
=880  \\$6260-02$a東京 :$bクレス出版,$c2011.
=880  1\$6490-03$a日本植民地下の朝鮮研究 ;$v第6卷
=880  \\$6500-00$a初版:大陸研究所昭和15年刊
=880  07$6650-04$a朝鮮-歴史-日韓併合時代(1910-1945).$2jlabsh/4
=880  07$6650-05$a朝鮮-歴史-李朝時代.$2jlabsh/4
=880  1\$6700-06$a広瀬順晧.
=880  1\$6700-07$a菊池謙譲.
=880  \0$6830-08$a日本植民地下の朝鮮研究 ;$v第6卷.
=852  41$aBritish Library$bOC
=CAT  \\$a13812$b40$c20121213$lBLL01$h1225
=CAT  \\$aBATCH-UPD$b40$c20150202$lBLL01$h1235
=CAT  \\$a11693$b40$c20150202$lBLL01$h1241
=SID  \\$aZ39$bOCLC
=STA  \\$aSUPPRESSED$bPreliminary Record
=LAS  \\$a11693$b40$c20150202$lBLL01$h1241

