=LDR  01562cas a22004095a 4500
=001  016531905
=003  Uk
=005  20161101150813.0
=007  ta
=008  131014s2013\\\\ja\\\\\\\\\\\\000\0\jpn\d
=FMT  \\$a  SE
=035  \\$a(OCoLC)860690726
=040  \\$aTRCLS$beng$cTRCLS$dOCLCQ
=042  \\$aukblderived
=084  \\$a757.021$2njb/9
=245  00$6880-01$aNihon chiiki dezainshi :$cGeijutsu kōgakukai chiiki dezainshi tokusetsu iinkai.
=260  \\$6880-02$a[Place of publication not identified] :$bBigakushuppan,
=300  \\$avolume ;$c21 cm
=336  \\$atext$btxt$2rdacontent
=337  \\$aunmediated$bn$2rdamedia
=338  \\$avolume$bnc$2rdacarrier
=650  07$6880-03$aDezain-Rekishi.$2jlabsh/4
=650  07$6880-04$aJiba sangyō-Rekishi.$2jlabsh/4
=710  2\$6880-05$aGeijutsu kōgakukai.
=856  4\$uhttp://www.bookportal.jp/trcno/13052412/?partnerid=oclc&siteid=oclc$zJapanese record available for display
=880  00$6245-01$a日本・地域・デザイン史 :$c芸術工学会地域デザイン史特設委員会編.
=880  \\$6260-02$a国分寺 :$b美学出版,
=880  07$6650-03$aデザイン-歴史.$2jlabsh/4
=880  07$6650-04$a地場産業-歴史.$2jlabsh/4
=880  2\$6710-05$a芸術工学会.
=852  41$aBritish Library$bOC$3Vol. 1-
=CAT  \\$a13812$b40$c20131101$lBLL01$h1023
=CAT  \\$aBATCH-UPD$b40$c20151018$lBLL01$h1153
=CAT  \\$a13812$b40$c20161101$lBLL01$h1508
=SID  \\$aZ39$bOCLC
=STA  \\$aSUPPRESSED$bPreliminary Record
=LAS  \\$a13812$b40$c20161101$lBLL01$h1508

